@Manual{R-base,
  title = {R: A Language and Environment for Statistical Computing},
  author = {{R Core Team}},
  organization = {R Foundation for Statistical Computing},
  address = {Vienna, Austria},
  year = {2022},
  url = {https://www.R-project.org/},
}

@Manual{R-rmarkdown,
  title = {rmarkdown: Dynamic Documents for R},
  author = {JJ Allaire and Yihui Xie and Christophe Dervieux and Jonathan McPherson and Javier Luraschi and Kevin Ushey and Aron Atkins and Hadley Wickham and Joe Cheng and Winston Chang and Richard Iannone},
  year = {2023},
  note = {R package version 2.25},
  url = {https://github.com/rstudio/rmarkdown},
}

@Book{rmarkdown2018,
  title = {R Markdown: The Definitive Guide},
  author = {Yihui Xie and J.J. Allaire and Garrett Grolemund},
  publisher = {Chapman and Hall/CRC},
  address = {Boca Raton, Florida},
  year = {2018},
  isbn = {9781138359338},
  url = {https://bookdown.org/yihui/rmarkdown},
}

@Book{rmarkdown2020,
  title = {R Markdown Cookbook},
  author = {Yihui Xie and Christophe Dervieux and Emily Riederer},
  publisher = {Chapman and Hall/CRC},
  address = {Boca Raton, Florida},
  year = {2020},
  isbn = {9780367563837},
  url = {https://bookdown.org/yihui/rmarkdown-cookbook},
}

@article{rodhe1997svante,
  title={Svante Arrhenius and the greenhouse effect},
  author={Rodhe, Henning and Charlson, Robert and Crawford, Elisabeth},
  journal={Ambio},
  pages={2--5},
  year={1997},
  publisher={JSTOR}
}

@article{scannell2013personally,
  title={Personally relevant climate change: The role of place attachment and local versus global message framing in engagement},
  author={Scannell, Leila and Gifford, Robert},
  journal={Environment and Behavior},
  volume={45},
  number={1},
  pages={60--85},
  year={2013},
  publisher={Sage Publications Sage CA: Los Angeles, CA}
}

@article{maibach2023harnessing,
  title={Harnessing the Power of Communication and Behavior Science to Enhance Society's Response to Climate Change},
  author={Maibach, Edward W and Uppalapati, Sri Saahitya and Orr, Margaret and Thaker, Jagadish},
  journal={Annual Review of Earth and Planetary Sciences},
  volume={51},
  pages={53--77},
  year={2023},
  publisher={Annual Reviews}
}

@article{nieto2024communicating,
  title={Communicating Climate Change on TikTok During the Climate Summits: From the Environmental Issues to the Politicization of Discourse},
  author={Nieto-Sandoval, Alejandra G and Ferr{\'e}-Pavia, Carme},
  journal={Environmental Communication},
  pages={1--20},
  year={2024},
  publisher={Taylor \& Francis}
}

@inproceedings{nguyen2023tiktok,
  title={TikTok as Learning Analytics Data: Framing Climate Change and Data Practices},
  author={Nguyen, Ha},
  booktitle={LAK23: 13th International Learning Analytics and Knowledge Conference},
  pages={33--43},
  year={2023}
}

@article{makela2024climate,
  title={Climate uncertainty, social media certainty: A story-critical approach to climate change storytelling on social media},
  author={M{\"a}kel{\"a}, Maria},
  journal={Frontiers of Narrative Studies},
  volume={9},
  number={2},
  pages={232--253},
  year={2024},
  publisher={De Gruyter}
}

@article{kresin2024students,
  title={Students' credibility criteria for evaluating scientific information: The case of climate change on social media},
  author={Kresin, Soraya and Kremer, Kerstin and B{\"u}ssing, Alexander Georg},
  journal={Science Education},
  year={2024},
  publisher={Wiley Online Library}
}

@book{putnam2000bowling,
  title={Bowling alone: The collapse and revival of American community},
  author={Putnam, Robert D},
  year={2000},
  publisher={Simon and schuster}
}